\bibliographystyle{plain}

@book{luo94,
 author = {Zhaohui Luo},
 publisher = "Oxford University Press",
 year =1994,
 title = {{Computation and Reasoning -- A Type Theory for Computer Science}}
}

@ARTICLE{PaulinWerner93,
  author = {Christine Paulin-Mohring and Benjamin Werner},
  journal = {Journal of Symbolic Computation},
  title = {{Synthesis of ML programs in the system Coq}},
  publisher = {Academic Press},
  volume = {15},
  year = {1993},
  pages = {607--640}
}

@ARTICLE{mizar78,
 author={Andrzej Trybulec},
 journal={ALLC Bulletin},
 title={The {M}izar-QC/6000 Logic Information Language},
 volume={6},
 number={2},
 pages={136--140},
 year={1978}
}

@inproceedings{floyd67,
   title = "Assigning Meanings to Programs",
   author = "Robert W. Floyd",
   editor = "J. T. Schwartz",
   booktitle = "Mathematical Aspects of Computer Science: 19th
        Symposium on Applied Mathematics",
   pages = "19--31",
   location = "Providence, United States",
   year = 1967
}

@book{dijkstra76,
   title = "A discipline of Programming",
   author = "Edsger W. Dijkstra",
   publisher = "Prentice Hall",
   year = 1976
}

@INPROCEEDINGS{tphols2000-Balaa,
        crossref        = "tphols2000",
        title           = "Fix-point Equations for Well-Founded Recursion in Type Theory",
        author          = "Antonia Balaa and Yves Bertot",
        pages           = "1--16"}

@book{fourier1890,
title = "Oeuvre de Fourier",
author = "Jean-Baptiste-Joseph Fourier",
note = "PubliÈ par les soins de Gaston Darboux",
year = 1890,
publisher = "Gauthier-Villars",
}

@inproceedings{Hilbert1925,
   crossref = "FregeGodel",
   author = "David Hilbert",
   title = "On the infinite",
   pages = "367--392",
   year = 1925
}

@inproceedings{Ackermann1928,
   crossref = "FregeGodel",
   author = "Wilhelm Ackermann",
   title = "On {H}ilbert's construction of the real numbers",
   pages = "493--507",
   year = 1925
}

@inproceedings{Thery98,
  title = "A certified version of {B}uchberger's algorithm",
  author = "Laurent ThÈry",
  booktitle = "Automated Deduction---CADE-15",
  publisher="Springer-Verlag",
  volume ="1421",
  series="Lecture Notes in Artificial Intelligence",
  pages={349--364},
  year = "1998"
}
@inproceedings{BuraliForti1897,
   crossref = "FregeGodel",
   author = "Wilhelm Ackermann",
   title = "A question on transfinite numbers",
   pages = "104--112",
   year = 1925
}



@book{Dedekind1888,
   title = "Was sind und was sollen die Zahlen?",
   author = "Richard Dedekind",
   publisher = "Vieweg",
   year = "1988"
}
   

@article{BoveUnif,
  title = "Simple General Recursion in Type Theory",
  author = "Ana Bove",
  journal = "Nordic Journal of Computing",
  volume = 8,
  number = 1,
  pages = "22-42",
  year = 2001
}

@inproceedings{tphols2002-BertotCaprettaDasBarman,
   author= "Yves Bertot and Venanzio Capretta and Kuntal Das Barman",
   title = "Type-theo\-re\-tic functional semantics",
   booktitle = {Theorem Proving in Higher Order Logics (TPHOLS'02)},
   year = 2002,
  location = "Hampton, Va",
  series = "Lecture Notes in Computer Science",
  publisher = "Springer-Verlag",
  volume = 2410
}

@article{viewleft,
   title = "The view from the left",
   author = "Conor McBride and James McKinna",
   journal = "Journal of Functional Programming",
   volume = 14,
   number = 1,
   year = 2004
}

@inproceedings{Natural,
   author = "Gilles Kahn",
   title = "{N}atural semantics", 
   booktitle = "{P}rogramming of {F}uture {G}eneration {C}omputers",
   editor = "K. Fuchi and M. Nivat",
   publisher = "North-Holland",
   year = 1988,
}


@article{hoare69,
   title ="An Axiomatic Basis for Computer Programming",
   author = "Charles Anthony Richard Hoare",
   journal = "Communications of the ACM",
   volume=12,
   number=10,
   pages ={576-580},
   year = 1969,
}

%%% no point after "J" in "J Strother Moore"

@Article{boyermoore,
  author = 	 {Robert S. Boyer and J Strother Moore},
  title = 	 {Proving Theorems about LISP Functions},
  journal = 	 {Journal of the ACM},
  year = 	 {1975},
  volume = 	 {22},
  number = 	 {1},
  pages = 	 {129-144},
}

%%% no point after "J" in "J Strother Moore"

@Book{nqthm,
  author = 	 {Robert S. Boyer and J Strother Moore},
  title = 	 {A Computational Logic Handbook},
  publisher = 	 {Academic Press},
  year = 	 {1988},
}

@Book{nuprl,
  author = 	 {Robert L. Constable and others},
  title = 	 {Implementing Mathematics with the Nuprl Development System},
  publisher = 	 {Prentice Hall},
  year = 	 {1986},
}


@article{induction-recursion,
 author={Peter Dybjer},
 title = {A general formulation of simultaneous inductive-recursive definitions in type theory},
 journal = {Journal of Symbolic Logic},
 publisher={Association for Symbolic Logic},
 volume = 65,
 number = 2,
 year = 2000,
}

@TechReport{lego92,
  author = 	 {Zhaohui Luo and Randy Pollack},
  title = 	 {LEGO Proof Development System: user's manual},
  institution =  { LFCS (Edinburgh University)},
  year = 	 {1992},
  number = 	 {ECS-LFCS-92-211},
}


@inproceedings{Luo89,
 title = "An extended Calculus of Constructions",
 author = "Zhaohui Luo",
 booktitle = "Proceedings of the 4th annual symposium on Logic In Computer Science (LICS'89)",
 year = 1989
}

@book{ProofTypes,
  author        = "Jean-Yves Girard and Yves Lafont and Paul Taylor",
  title         = "Proofs and types",
  publisher     = "Cambridge University Press",
  year          = 1989,
}

@book{FregeGodel,
  editor = "Jean van Heijenoort",
  title = "From Frege to G{\"o}del: a source book in mathematical logic, 1879-1931",
  publisher = "Harvard University Press",
  year = 1981,
}



@inproceedings{huet88,
 title="Induction principles formalized in the calculus of constructions",
 booktitle="Programming of Future Generation Computers",
 author = "GÈrard Huet",
 year=1988,
 editor="K. Fuchi and M. Nivat",
 publisher="North-Holland",
 pages = "205--216"
}
@inproceedings{Aczel77,
title = "An introduction to inductive definitions",
year= 1977,
editor = "J. Barwise",
author = "Peter Aczel",
publisher = "North-Holland",
volume = "90",
series = "Studies in Logic and the Foundations of Mathematics",
booktitle = "{H}andbook of {M}athematical {L}ogic"
}

@book{Burge,
title="Recursive Programming Techniques",
author="William H. Burge",
publisher="Addison-Wesley",
year=1975,
}

@Incollection{Mitchell,
  author = 	 {John C. Mitchell},
  editor = 	 {J. van Leeuwen},
  booktitle = 	 {Handbook of Theoretical Computer Science, Volume B~:Formal Models and Semantics},
  title = 	 "Type Systems for Programming Languages",
  publisher = 	 {MIT Press and Elsevier},
  year = 	 {1994},
}

@article{barendregt,
  author = 	 {Henk Barendregt},
  title = 	 {Introduction to generalized type systems},
  journal = 	 {Journal of Functional Programming},
  pages = "125-154",
  volume="1(2)",
  month = "April",
  year = 	 {1991},
}
@article{RacineCarreeGMP,
  author = {Yves Bertot and Nicolas Magaud and Paul Zimmermann},
  title = {A proof of {GMP} square root},
  journal = {Journal of Automated Reasoning},
  publisher = {Kluwer Academic Publishers},
  volume = "29",
  pages = "225-252",
  year = 2002}



@Article{wand,
  author = 	 {Mitchell Wand},
  title = 	 {Continuation-Based Program Transformation Strategies},
  journal = 	 {Journal of the ACM},
  year = 	 {1980},
  volume = 	 {27},
  number = 	 {1},
  pages = 	 {164-180},
  month = 	 {January},
}

@InProceedings{dr1,
  author         ="Pierre Cast\'eran and Davy Rouillard",
  title          = "Reasoning about Parametrized Automata",
  booktitle =    "Proceedings, 8-th International Conference on Real-Time System",
  volume =         "8",
  pages  =         "107-119",
  year   =         "2000",
}


@InProceedings{conor:motive,
  author         ="Conor McBride",
  title          = "Elimination with a motive",
  booktitle =    "Types for Proofs and Programs'2000",
  volume =         2277,
  pages  =         "197-217",
  year   =         "2002",
}

@article{coupet2,
 author="Solange Coupet-Grimal",
 title="An axiomatization of Linear Temporal Logic in The Calculus of Inductive Constructions",
 journal="Journal of Logic and Computation",
 publisher = "Oxford University Press",
 year="2003",
 volume = 13,
 number = 6,
 pages = "801--813"
}


@inproceedings {coupet3,
       author = {{Coupet-Grimal}, Solange and {Jakubiec}, Line}, 
       title = {Hardware Verification using co-induction in COQ}, 
       booktitle = {TPHOLs'99}, 
       series = {Lecture Notes in Computer Science}, 
       volume = {1690},
       year = {1999}, 
       publisher = {Springer-Verlag}
} 

@book{CurryFeys58,
 author="Haskell B. Curry and Robert Feys",
 title= "Combinatory Logic I",
 publisher="North- Holland",
 year="1958",
}

@ARTICLE{Filliatre00a,
  AUTHOR = {Jean-Christophe Filli\^atre},
  TITLE = {{Verification of non-functional programs 
                   using interpretations in type theory}},
  JOURNAL = {Journal of Functional Programming},
  publisher ={Cambridge University Press},
YEAR = 2003,
  pages = {709-745},
  volume={13},
  number={4},
  URL = {http://www.lri.fr/~filliatr/ftp/publis/jphd.ps.gz},
  ABSTRACT = {We study the problem of certifying programs combining imperative and
  functional features within the general framework of type theory.
  
  Type theory constitutes a powerful specification language, which is
  naturally suited for the proof of purely functional programs. To
  deal with imperative programs, we propose a logical interpretation
  of an annotated program as a partial proof of its specification. The
  construction of the corresponding partial proof term is based on a
  static analysis of the effects of the program, and on the use of
  monads. The usual notion of monads is refined in order to account
  for the notion of effect. The missing subterms in the partial proof
  term are seen as proof obligations, whose actual proofs are left to
  the user. We show that the validity of those proof obligations
  implies the total correctness of the program.
  We also establish a result of partial completeness.
  
  This work has been implemented in the Coq proof assistant.
  It appears as a tactic taking an annotated program as argument and
  generating a set of proof obligations. Several nontrivial
  algorithms have been certified using this tactic.}
}

@inproceedings{Gimenez,
title = "An Application of Co-Inductive Types in {C}oq: Verification of the Alternating Bit Protocol",
author = "Eduardo Gimenez",
booktitle = {\sl  Proceedings of the 1995 Workshop on Types for Proofs and Programs},
series= {Lecture Notes in Computer Science},
volume= {1158},
pages= {135-152},
year = 1995,
publisher= {Springer-Verlag},
}


@Book{Heyting,
  author = 	 {Arend Heyting},
  title = 	 {Intuitionism - an Introduction},
  publisher = 	 {North-Holland},
  year = 	 {1971},
}

@inproceedings{Scott-constructions,
  title="Constructive Validity",
  author="Dana Scott",
  booktitle = "Proceedings of Symposium on Automatic Demonstration",
  volume =125,
  Series = "Lecture Notes in Mathematics",
  pages = "237-275",
  publisher = "Springer-Verlag",
  year = 1970
}

@incollection{Howard,
title="The formulae-as-types notion of construction",
author="William A. Howard",
booktitle= "To H. B. Curry: Essays on  combinatory logic, Lambda Calculus and
Formalism",
year = 1980,
pages = "479-490",
editor="J. P. Seldin and J. R. Hindley",
publisher = "Academic Press",
}

@book{martin-lof:typetheory,
  title = "Intuitionistic type theories",
  author = "Per Martin-L{\"o}f",
  publisher = "Bibliopolis",
  year = 1984
}

@inproceedings{Parent,
title = "Synthesizing Proofs from Programs in the Calculus of Inductive Constructions",
author = "Catherine Parent",
booktitle = {\sl  Proceedings of  MPC'1995},
series = {Lecture Notes in Computer Science},
volume = 947,
pages = {351-379},
year = 1995,
}

@booklet{GimenezTut,
title="A tutorial on recursive types in {C}oq",
author="Eduardo Gimenez",
note="Documentation of the {C}oq system",
}

@inproceedings{martinloftheory,
title = "Martin-L{\"o}f's Type Theory",
author = "Bengt Nordstrom and Kent Petersson and Jan Smith",
booktitle="Handbook of Logic in Computer Science, Vol. 5",
publisher="Oxford University Press",
year=1994,
}

@book{Monin2002,
title="Understanding Formal Methods",
author="Jean-FranÁois Monin",
publisher="Springer-Verlag",
year=2002,
}

@book{ACL2book,
title="Computer-aided reasoning: an approach",
author="Matt Kaufmann and Panagiotis Manolios and J. Strother Moore",
publisher="Kluwer Academic Publishing",
year=2000,
isbn="0-7923-7744-3",
url="http://www.cs.utexas.edu/users/moore/acl2"
}

@inproceedings{Pons00,
title = "Ing{\'e}ni{\'e}rie de preuve",
author = "Olivier Pons",
booktitle = {\sl Journ{\'e}es Francophones pour les Langages Applicatifs},
month = jan,
year = 2000,
}

@InProceedings{automath,
  author = 	 {Nicolaas G. de Bruijn},
  title = 	 {The Mathematical Language AUTOMATH, Its Usage and Some of its Extensions},
  booktitle = 	 {Symposium on Automatic Demonstration},
  year = 	 {1970},
  volume=        {125},
  series = 	 {Lectur Notes in Mathematics},
  publisher = {Springer-Verlag},
}


@inproceedings{BoveCapretta01,
crossref = "tphols2001",
title = "Nested General Recursion and Partiality in Type Theory",
author = "Ana Bove and Venanzio Capretta",
pages = "121--135"
}

@inproceedings{capretta01,
  crossref   = "tphols2001",
  author     = "Venanzio Capretta",
  title      = "Certifying the Fast {F}ourier Transform with {C}oq",
  pages      = "154--168"
}

@PROCEEDINGS{tphols2001,
        editor          = "Richard J. Boulton and Paul B. Jackson",
        booktitle = "Theorem Proving in Higher Order Logics:
                           14th International Conference, TPHOLs 2001",
        title       = "Theorem Proving in Higher Order Logics:
                           14th International Conference, TPHOLs 2001",
        series          = "Lecture Notes in Computer Science",
        volume          = 2152,
        year            = 2001,
        publisher       = "Springer-Verlag"}

@PHDTHESIS{Pau96b,
  AUTHOR = {Christine Paulin-Mohring},
  TITLE = {DÈfinitions Inductives en ThÈorie des Types d'Ordre SupÈrieur},
  SCHOOL = {UniversitÈ Claude Bernard Lyon I},
  YEAR = 1996,
  MONTH = DEC,
  TYPE = {Habilitation ‡ diriger les recherches},
  URL = {http://www.lri.fr/~paulin/habilitation.ps.gz}
}

@inproceedings{courtieu-barthe,
  author = 	 {Gilles Barthe and Pierre Courtieu},  
  title = {{Efficient reasoning about executable specifications in Coq}},
  booktitle={Proceedings of TPHOLs'02},
  editor={V. CarreÒo and C. MuÒoz and S. Tahar},
  series="Lecture Notes in Computer Science",  
  year = {2002},
  Publisher="Springer-Verlag",
  volume={2410},
  pages={31--46}}

@PhdThesis{Alvarado02,
  author = 	 {Cuihtlauac Alvarado},
  title = 	 {RÈflexion pour la rÈÈcriture dans le calcul des constructions inductives},
  school = 	 {UniversitÈ de Paris XI},
  year = 	 {2002},
  note = 	 {\texttt{http://perso.rd.francetelecom.fr/alvarado/publi/these.ps.gz}},
}

@INPROCEEDINGS{Moh93,
  author = {Christine Paulin-Mohring},
  booktitle = {Proceedings of the conference Typed Lambda Calculi and
  Applications},
  editor = {M. Bezem and J.-F. Groote},
  institution = {LIP-ENS Lyon},
  note = {LIP research report 92-49},
  volume = {664},
  series = {Lecture Notes in Computer Science},
  publisher = {Springer-Verlag},
  title = {{Inductive definitions in the system {Coq} - rules and
            properties}},
  type = {research report},
  year = {1993},
}


@Article{Leroy,
  author = 	 {Xavier Leroy},
  title = 	 {A modular module system},
  journal = 	 {Journal of Functional Programming},
  publisher = {Cambridge University Press},
  year = 	 {2000},
  volume = 	 {10},
  number = 	 {3},
}



@InProceedings{LeroyManifeste,
  author = 	 {Xavier Leroy},
  title = 	 {Manifest types, modules, and separate compilation},
  booktitle = {Proceedings of the 21st Symposium on Principles of Programming Languages},
  pages = 	 {109-122},
  year = 	 {1994},
  organization = {ACM},
}

@ARTICLE{Church,
 author = "Alonzo Church",
 journal = "Journal of Symbolic Logic",
 pages = "56--68",
 title = "A formulation of the simple theory of types",
 volume="5(1)",
 year = {1940},
}

@phdthesis{DelahayePhd,
  author = {David Delahaye},
  title = {Conception de langages pour d{\'e}crire les preuves et
  les automatisations dans les outils d'aide {\`a} la preuve,
  Une {\'e}tude dans le cadre du syst{\`e}me Coq},
  school={Universit{\'e} de {Paris} {VI}, {Pierre} et {Marie}
          {Curie}},
  year = 2001
}


@Article{Coquand:Huet,
  author = 	 {Thierry Coquand and GÈrard Huet},
  title = 	 {The Calculus of Constructions},
  journal = 	 {Information and Computation},
  year = 	 {1988},
  volume = 	 {76},
}

@INPROCEEDINGS{Coquand:girard,
 author = "Thierry Coquand",
 title = "An Analysis of {G}irard's Paradox",
 booktitle="Symposium on Logic in Computer Science",
 year = {1986},
 series = "IEEE Computer Society Press",
}


@PhdThesis{Girard72,
  author = 	 {Jean-Yves Girard},
  title = 	 {InterprÈtation fonctionnelle et Èlimination des coupures de
                  l'arithmÈtique d'ordre supÈrieur},
  school = 	 {Paris VII},
  year = 	 {1972},
  type = 	 {ThËse d'…tat}
}

@INcollection{Coquand:metamathematical,
 author = "Thierry Coquand",
 title = "Metamathematical Investigations on a Calculus of Constructions",
 booktitle="Logic and Computer Science",
 year = {1990},
 editor="P. Odifreddi",
 publisher = "Academic Press",
}
@inproceedings{Pnueli,
 title="The Temporal Logic of Programs",
 author="Amir Pnueli",
 booktitle="Proceedings of the 18th Annual IEEE Symposium on Foundations of Computer Science",
 year=1977,
}
 
@article{Caprotti_Oostdijk:01pockjsc,
   author      = {Olga Caprotti and
                  Martijn Oostdijk},
   title       = {Formal and efficient primality proofs
                  by use of Computer Algebra oracles},
   journal     = {Journal of Symbolic Computation},
   publisher   = {Academic Press},
   volume      = 32,
   number      = {1/2},
   editor      = {T. Recio and M. Kerber},
   pages       = {55--70},
   month       = jul,
   year        = 2001
}

@inproceedings{PVS,
  author = "Sam Owre and Sreeranga P. Rajan and John M. Rushby and Natarajan Shankar and Mandayam K. Srivas",
  title="{PVS}: Combining specifications, proof checking and model checking",
  editor="Rajeev Alur and Thomas A. Henzinger",
  booktitle="{C}omputer {A}ided {V}erification, {CAV}'96",
  volume=1102,
  series = "Lecture Notes in Computer Science",
  pages="411--414",
  location="New Brunswick, N. J.",
  year = 1996
}


@inproceedings{reasoningexecutable,
  title = "Reasoning with executable specifications",
  author = "Yves Bertot and Ranan Fraer",
  volume = 915,
  pages = "531--545",
  location = "Aarhus, Denmark",
  year = 1995,
  series = "Lecture Notes in Computer Science",
  journal = "Springer-Verlag LNCS",
  booktitle = "Proceedings of the International Joint Conference on Theory
		  and Practice of Software Development (TAPSOFT'95)"
}

@TechReport{coupet,
    author = "Solange Coupet-Grimal",
    title = "{LTL} in {C}oq",
    institution =  "Contributions to the Coq System",
    year = "2002"
}

@inproceedings{Prawitz,
title="Ideas and results in proof theory",
author="Dag Prawitz",
booktitle= "Proceedings of the second Scandinavian logic symposium",
year = 1971,
publisher = "North-Holland"
}


@article{Tarski,
    author = "Alfred Tarski",
    title = "The semantic conception of truth
              and the foundations of semantics",
    journal="Philosophy and Phenomenological Research",
    volume = 4,
    year = 1944,
note="Transcription available at \texttt{www.ditext.com/tarski/tarski.html}",
}
 

@book{Gordon,
  author        = "Gordon, Michael and Melham, Tony",
  title         = "Introduction to HOL",
  publisher     = "Cambridge University Press",
  year          = 1993,
}
@Article{Paulson89,
  author =      "Lawrence C. Paulson",
  title =       "The Foundation of a Generic Theorem Prover",
  journal =     "Journal of Automated Reasoning",
  volume =      5,
  number =      3,
  pages =       "363--397",
  year =        1989,
  urldvi =      "http://www.cl.cam.ac.uk/Research/Reports/TR130-lcp-generic-theorem-prover.dvi.gz",
  keywords =    "Isabelle"
}


@Book{PaulsonML,
  author = 	 {Lawrence C. Paulson},
  title = 	 {ML for the Working Programmer},
  publisher = 	 {Cambridge University Press},
  year = 	 {1996},
}

@book{LCFBook,
  author        = "Gordon, Michael and Milner, Robin and Wadsworth, Christopher",
  title         = {Edinburgh LCF: A mechanized logic of computation},
  publisher     = "Springer-Verlag",
  series = {Lecture Notes in Computer Science},
  volume = 78,
  year          = 1979,
}



@Misc{coqsite,
  author= "{D}evelopment team",
  title = 	 {The \emph{Coq} proof assistant},
  note = {Documentation, system download. {C}ontact: \texttt{http://coq.inria.fr/}},
}


@Misc{contribs,
  author={Various Users},
  title = 	 {Users contributions to the \emph{Coq} system},
  note = {\texttt{http://coq.inria.fr/}},
}

@Misc{coqrefman,
  title = {The {C}oq reference manual},
  author={Coq Development Team},
  note= {LogiCal Project, \texttt{http://coq.inria.fr/}}
 }


@incollection{ danvy92back,
    author = "Olivier Danvy",
    title = "Back to Direct Style",
    booktitle = "{ESOP} '92, 4th European Symposium on Programming, Rennes, France, February 1992, Proceedings",
    volume = "582",
    publisher = "Springer-Verlag",
    editor = "Bernd Krieg-Bruckner",
    pages = "130-150",
    year = "1992",
    url = "citeseer.nj.nec.com/danvy94back.html" }

@Article{Pugh92,
  author =       "William Pugh",
  title =        "The Omega Test: a fast and practical integer
                      programming algorithm for dependence analysis",
  journal =      "CACM",
  year =         1992,
  volume =       8,
  pages =        "102-114",
}



@Book{ocamlbook,
  author = 	 {Emmanuel Chailloux and Pascal Manoury and Bruno Pagano},
  title = 	 {DÈveloppement d'applications avec Objective CAML},
  publisher = 	 {O'Reilly},
  year = 	 {2000}

}


@INPROCEEDINGS{field,
  author = {Delahaye, David and Mayero, Micaela},
  title = {{\tt Field}: une proc\'edure de d\'ecision pour les nombres 
           r\'eels en {C}oq},
  booktitle = {{J}ourn\'ees {F}rancophones des {L}angages {A}pplicatifs, 
              Pontarlier},
  publisher = {INRIA},
  month = {Janvier},
  year = {2001},
  note = {\\{\sf ftp://ftp.inria.fr/INRIA/Projects/coq/Micaela.Mayero/papers/field.ps.gz}},
}

@inproceedings{MahboubiPottier2002,
  title = "…limination des quantificateurs sur les rÈels en {C}oq",
  author = "Assia Mahboubi and LoÔc Pottier",
  booktitle = {{J}ourn\'ees {F}rancophones des {L}angages {A}pplicatifs, 
              Anglet},
  month = {Jan},
  year = {2002}
}


@inproceedings{boutin97,
title= "Using reflection to build efficient and certified decision procedures",
author="Samuel Boutin",
booktitle = "Theoretical Aspects of Computer Science",
editors = "T. Ito and M. Abadi",
series = "Lecture Notes in Computer Science",
volume = 1281,
publisher = "Springer-Verlag",
year = 1997
}

@Misc{Why,
  author =	 {Jean-Christophe Filli‚tre},
  title =	 {{L'outil de v\'erification \textsf{Why}}},
  note =	 {\url{http://why.lri.fr/}}
}

@Misc{Booksite,
  author =	 {Yves Bertot and Pierre Cast\'eran},
  title =	 {Coq'{A}rt: examples and exercises},
  note =	 {\url{http://www.labri.fr/Perso/~casteran/CoqArt}}
}

@inproceedings{BalaaBertot02,
title = "Fonctions r\'ecursives g\'en\'erales par it\'eration en th\'eorie 
des
types",
author = "Antonia Balaa and Yves Bertot",
booktitle = {\sl Journ{\'e}es Francophones pour les Langages Applicatifs},
month = jan,
year = 2002,
}

@proceedings{tphols2000,
        editor          = "J. Harrison and M. Aagaard",
        booktitle       = "Theorem Proving in Higher Order Logics:
                           13th International Conference, TPHOLs 2000",
        series          = "Lecture Notes in Computer Science",
        volume          = 1869,
        year            = 2000,
        publisher       = "Springer-Verlag"}

@INPROCEEDINGS{letouzey2002types,
  AUTHOR = {Pierre Letouzey},
  TITLE = {A New Extraction for {Coq}},
  TOPICS = {team},
  CROSSREF = {types02}
}

@PROCEEDINGS{types02,
  TITLE = {Types for Proofs and Programs
Second International Workshop, TYPES 2002, Berg en Dal, The Netherlands, April 24-28, 2002, Selected Papers},
  BOOKTITLE = {TYPES 2002},
  YEAR = 2003,
  EDITOR = {Herman Geuvers and Freek  Wiedijk},
  VOLUME = 2646,
  SERIES = {Lecture Notes in Computer Science},
  PUBLISHER = {Springer-Verlag}
}

@article{Spitters2011,
	Author = {Bas Spitters and Eelis van der Weegen},
	Bibsource = {DBLP, http://dblp.uni-trier.de},
	Date-Added = {2012-05-21 11:58:30 +0200},
	Date-Modified = {2012-05-21 11:58:30 +0200},
	Ee = {http://dx.doi.org/10.1017/S0960129511000119},
	Journal = {Mathematical Structures in Computer Science},
	Number = {4},
	Pages = {795-825},
	Title = {Type classes for mathematics in type theory},
	Volume = {21},
	Year = {2011}}

@article{math-classes,
 author    = {Bas Spitters and Eelis van der Weegen},
 title     = {Type Classes for Mathematics in Type Theory},
 journal   = "{MSCS, special issue on `Interactive theorem proving and
the formalization of mathematics'}",
 volume    = 21,
 pages     = {1--31},
 doi       = {10.1017/S0960129511000119},
 publisher = {Cambridge University Press},
 year      = {2011}
}





@Misc{Ahrens,
  author = {Benedikt Ahrens},
  title = 	 {Coq library on categories, categorical syntax and semantics},
  howpublished = {http://math.unice.fr/\(\sim\)ahrens/publications/index.html},
}

@inproceedings{DBLP:conf/tphol/SozeauO08,
  author    = {Matthieu Sozeau and
               Nicolas Oury},
  title     = {First-Class Type Classes},
  booktitle = {TPHOLs},
  year      = {2008},
  pages     = {278-293},
  ee        = {http://dx.doi.org/10.1007/978-3-540-71067-7_23},
  crossref  = {DBLP:conf/tphol/2008},
  bibsource = {DBLP, http://dblp.uni-trier.de}
}

@proceedings{DBLP:conf/tphol/2008,
  editor    = {Otmane A\"{\i}t Mohamed and
               C{\'e}sar Mu{\~n}oz and
               Sofi{\`e}ne Tahar},
  title     = {Theorem Proving in Higher Order Logics, 21st International
               Conference, TPHOLs 2008, Montreal, Canada, August 18-21,
               2008. Proceedings},
  booktitle = {TPHOLs},
  publisher = {Springer},
  series    = {Lecture Notes in Computer Science},
  volume    = {5170},
  year      = {2008},
  isbn      = {978-3-540-71065-3},
  bibsource = {DBLP, http://dblp.uni-trier.de}
}

@MISC{Magnusson95theimplementation,
    author = {Lena Magnusson},
    title = {The Implementation of ALF - a Proof Editor based on Martin-Lˆf's Monomorphic Type Theory with Explicit Substitution},
    year = {1995}
}


@article{DBLP:journals/ita/BrlekCHM95,
  author    = {Srecko Brlek and
               Pierre Cast{\'e}ran and
               Laurent Habsieger and
               Richard Mallette},
  title     = {On-Line Evaluation of Powers Using Euclid's Algorithm},
  journal   = {ITA},
  volume    = {29},
  number    = {5},
  year      = {1995},
  pages     = {431-450},
  bibsource = {DBLP, http://dblp.uni-trier.de}
}


@inproceedings{DBLP:conf/tapsoft/BrlekCS91,
  author    = {Srecko Brlek and
               Pierre Cast{\'e}ran and
               Robert Strandh},
  title     = {On Addition Schemes},
  booktitle = {TAPSOFT, Vol.2},
  year      = {1991},
  pages     = {379-393},
  ee        = {http://dx.doi.org/10.1007/3540539816_77},
  crossref  = {DBLP:conf/tapsoft/1991-2},
  bibsource = {DBLP, http://dblp.uni-trier.de}
}

@proceedings{DBLP:conf/tapsoft/1991-2,
  editor    = {Samson Abramsky and
               T. S. E. Maibaum},
  title     = {TAPSOFT'91: Proceedings of the International Joint Conference
               on Theory and Practice of Software Development, Brighton,
               UK, April 8-12, 1991, Volume 2: Advances in Distributed
               Computing (ADC) and Colloquium on Combining Paradigms for
               Software Developmemnt (CCPSD)},
  booktitle = {TAPSOFT, Vol.2},
  publisher = {Springer},
  series    = {Lecture Notes in Computer Science},
  volume    = {494},
  year      = {1991},
  isbn      = {3-540-53981-6},
  bibsource = {DBLP, http://dblp.uni-trier.de}
}
