










@Misc{Vis06,
TITLE = {The {V}isidia project},
howpublished = {http://www.labri.fr/visidia},
AUTHOR = {LaBRI Distributed Algorithms Group},
}


@Misc{LocoPage,
AUTHOR = {P.  Cast\'eran and V. Filou},
TITLE = {Loco: A {C}oq {L}ibrary on {L}ocal {C}omputation {S}ystems},
howpublished = {http://www.labri.fr/$\sim$casteran/Loco},
}



@Book{coqart,
  author       = "Bertot, Y. and Cast\'eran, P.",
  title        = "Interactive Theorem Proving and Program Development. Coq'Art: The Calculus of Inductive Constructions",
  series       = "Texts in Theoretical Computer Science",
  year         = "2004",
  publisher    = "Springer Verlag",
  url          = "http://www.labri.fr/publications/l3a/2004/BC04"
}


@inproceedings{filliatre07cav,
  author = {J.C. Filli\^atre and C. March\'e},
  title = {The {Why/Krakatoa/Caduceus} Platform for Deductive Program
  Verification},
  topics = {team, lri},
 year=2007,
  url = {http://www.lri.fr/~filliatr/ftp/publis/cav07.pdf}
}


@Manual{Coq,
  title = 	 {The Coq Proof Assistant Reference Manual},
  year = 2012,
  author = 	 {{Coq Development Team}},
  address = 	 {coq.inria.fr},
}

@InBook{EventB,
  author = 	 {D. Cansell and D. M\'ery},
  ALTeditor = 	 {Dines Bjorner and Martin Henson},
  title = 	 {Logics of Specification Languages},
  chapter = 	 {The Event-B Modelling Method: Concepts and Case Studies},
  publisher = 	 {Springer Verlag},
  year = 	 {2007},
  pages = 	 {47-152}

}




@Unpublished{Spanning-Cansell,
  author = 	 {D. Cansell},
  title = 	 {A development in {Event-B} of a distributed algorithm for building a spanning tree },
  note = 	 {Personnal communication},
  OPTkey = 	 {},
  OPTmonth = 	 {},
  OPTyear = 	 {},
  OPTannote = 	 {}
}

@Manual{Rodin,
  organization = {Deploy European Community Project},
  title = 	 {Event-B and the Rodin Platform},
  address = 	 {www.event-b.org},
}




@Article{Chou95, 
  author = 	 {Chin-Tsun Chou},
  title = 	 {Mechanical Verification of Distributed Algorithms in Higher-Order Logic},
  journal = 	 {The Computer Journal},
  year = 	 {1995},
  volume = 	 {38},
  number =       {2},
pages={152-161}
}


@InProceedings{Thirioux97,
Author = {X. Thirioux and G. Padiou},
Title = {Etude Comparative de deux techniques de preuves de programmes UNITY},
BookTitle      = {AFADL'97},
Year           = 1997
}


@Article{urbain04jar,
  author = 	 {X. Urbain},
  title = 	 {Modular and Incremental Automated Termination Proofs},
  journal = 	 "Journal of Automated reasoning",
  year = 	 {2004},
  volume = 32,
  pages = {315--355},
  topics =       {team},
  type_publi = "irevcomlec",
  url =          {http://www.lri.fr/~urbain/textes/jar.ps.gz}
}



@Article{mecaterm,
  author = 	 {Evelyne Cont\'ejean and  Claude March\'e and  
Ana Paula Tom\'as and Xavier Urbain},
  title = 	 {Mechanically proving termination using polynomial interpretations},
  journal = 	 {Journal of Automated Reasoning},
  year = 	 {2005},
  volume = 	 {34},
  number = 	 {4},
  pages = 	 {325--363}
}



@@TechReport{CFM09,
title={{F}ormal {P}roofs of {L}ocal {C}omputati<on {S}ystems},
author={{C}ast{\'e}ran, {P}ierre and {F}ilou, {V}incent and {M}osbah, {M}ohamed}
,
institution = "LaBRI - University of Bordeaux",
year = "2009",
number = " {RR}-1456-09",
collaboration={{V}isidia },
year={2009},
URL={http://hal.archives-ouvertes.fr/hal-00371705/en/},

}


@INPROCEEDINGS{Moh93,
 author = {Christine Paulin-Mohring},
 booktitle = {Proceedings of the conference Typed Lambda Calculi and
 Applications},
 editor = {M. Bezem and J.-F. Groote},
 institution = {LIP-ENS Lyon},
 note = {LIP research report 92-49},
 volume = {664},
 series = {Lecture Notes in Computer Science},
 publisher = {Springer-Verlag},
 title = {{Inductive definitions in the system {Coq} - rules and
           properties}},
 type = {research report},
 year = {1993},
} 

@InProceedings{SCSS09,
  author = 	 {P. Cast\'eran and V. Filou and M. Mosbah},
  title = 	 {Certifying Distributed Algorithms by Embedding
Local Computation Systems in the Coq Proof Assistant},
  booktitle = {Symbolic Computation in Software Science (SCSS'09)},
  year = 	 {2009}
}


@inproceedings{LescuyerJFLA,
   title = { Conteneurs de premi\`ere classe en Coq},
   author = {S. Lescuyer},
   language = {{F}ran{\c{c}}ais},
   booktitle = {{JFLA} ({J}ourn{\'e}es {F}rancophones des {L}angages {A}pplicatifs) },
   year = {2010},
   series={Studia {I}nformatica {U}niversalis},
   publisher ={Hermann}
} 



@Book{Nqthm,
  author = 	 {R.S. Boyer and J.S. Moore},
  title = 	 {A Computational Logic Handbook},
  publisher = 	 {Academic Press},
  year = 	 {1988}
}

@Book{ACL2,
  author = 	 {M.Kaufman and P. Manolios and J.S. Moore},
  title = 	 {Computer-Aided Reasoning: An Approach},
  publisher = 	 {Kluwer Academic Publishers},
  year = 	 {2000}
}

@inproceedings{DBLP:conf/tphol/CourtieuFU08,
  author    = {Pierre Courtieu and
               Julien Forest and
               Xavier Urbain},
  title     = {Certifying a Termination Criterion Based on Graphs, without
               Graphs},
  booktitle = {TPHOLs},
  year      = {2008},
  pages     = {183-198},
  ee        = {http://dx.doi.org/10.1007/978-3-540-71067-7_17},
  bibsource = {DBLP, http://dblp.uni-trier.de}
}

@article{coupet2,
 author="Solange Coupet-Grimal",
 title="An axiomatization of Linear Temporal Logic in The Calculus of Inductive Constructions",
 journal="Journal of Logic and Computation",
 publisher = "Oxford University Press",
 year="2003",
 volume = 13,
 number = 6,
 pages = "801--813"
}


@InProceedings{CCFPU,
  author = 	 {{\'E}. Contejean  and P. Courtieu and
                  J. Forest and O. Pons and X. Urbain},
  title = 	 {Certification of automated termination proofs},
  booktitle = {6th International Symposium on Frontiers of Combining Systems (FroCos 07)},
  pages = 	 {148--162},
  year = 	 {2007},
  editor = 	 {B. Konev and F. Wolter},
  Tnumber = 	 {4720},
  series = 	 {Lecture Notes in Artificial Intelligence},
  month = 	 {Sep.},
  publisher = {Springer Verlag},
}


@InProceedings{Jordan,
  author = 	 {{J-F.} Dufourd},
  title = 	 {{D}iscrete {J}ordan {C}urve {T}heorem:
a proof formalized in {C}oq with hypermaps},
  booktitle = {Proceedings of the {S}ymposium on {T}heoretical {A}spects of 
{C}omputer {S}cience},
  pages = 	 {253-264},
  year = 	 {2008}
}

@TechReport{Toolkit,
  author = 	 {J. Duprat},
  title = 	 {A {C}oq toolkit for graph theory},
  institution =  {\'Ecole normale sup\'erieure de Lyon},
  year = 	 {2001}
}

%% inria-00202713, version 1
%% http://hal.inria.fr/inria-00202713/en/
@inproceedings{BLAZY:2008:INRIA-00202713:1,
	title = { {V}{\'e}rification formelle d'un algorithme d'allocation de registres par coloration de graphe},
	author = {S. {B}lazy and B. {R}obillard and \'E. {S}outif},
	abstract = {{L}e travail pr{\'e}sent{\'e} dans cet article est {\`a} l'interface entre la recherche op{\'e}rationnelle et les m{\'e}thodes formelles. {I}l s'inscrit dans le cadre du projet {C}omp{C}ert ayant pour but le d{\'e}veloppement et la v{\'e}rification formelle, utilisant l'assistant de preuve {C}oq, d'un compilateur du langage {C} potentiellement utilisable pour la production de logiciels embarqu{\'e}s critiques. {N}ous nous int{\'e}ressons dans cet article {\`a} l'allocation de registres, qui consiste {\`a} optimiser l'utilisation des registres du processeur. {N}ous proposons d'aborder cette optimisation en la mod{\'e}lisant par un probl{\`e}me dit de coloration avec pr{\'e}f{\'e}rences dont nous v{\'e}rifions formellement la r{\'e}solution. {C}ette v{\'e}rification prend deux formes : preuve de correction de la sp{\'e}cification {C}oq pour la premi{\`e}re partie de l'algorithme et validation a posteriori pour la seconde.},
	language = {{F}ran{\c{c}}ais},
	affiliation = {{C}entre d'{E}tude et {D}e {R}echerche en {I}nformatique du {C}nam - {CEDRIC} - {C}onservatoire {N}ational des {A}rts et {M}{\'e}tiers },
	booktitle = {{JFLA} ({J}ourn{\'e}es {F}rancophones des {L}angages {A}pplicatifs) },
	pages = {31-46 },
	address = {{E}tretat {F}rance },
	organization = {{INRIA} },
	audience = {nationale },
	year = {2008},
	URL = {http://hal.inria.fr/inria-00202713/en/},
}



@TechReport{FourColor,
  author = 	 {G. Gonthier},
  title = 	 {A computer-checked proof of the {F}our {C}olour {T}heorem},
  institution =  {Microsoft Research Cambridge},
  year = 	 {2005}
}

%% inria-00258384, version 4
%% http://hal.inria.fr/inria-00258384/en/
@techreport{GONTHIER:2008:INRIA-00258384:4,
title={{A} {S}mall {S}cale {R}eflection {E}xtension for the {C}oq system},
author={{G}onthier, {G}. and {M}ahboubi, {A}.},
abstract={{T}his document describes a set of extensions to the proof scripting language of the {C}oq proof assistant. {W}hile these extensions were developed to support a particular proof methodology - small-scale reflection - most of them actually are of a quite general nature, improving the functionality of {C}oq in basic areas such as script layout and structuring, proof context management, and rewriting. {C}onsequently, and in spite of the title of this document, most of the extensions described here should be of interest for all {C}oq users, whether they embrace small-scale reflection or not.},
language={{A}nglais},
affiliation={{M}icrosoft {R}esearch - {M}icrosoft - {C}entre {C}ommun {INRIA} {M}icrosoft {R}esearch - {INRIA} - {M}icrosoft - {T}ypi{C}al - {INRIA} {S}aclay {I}le de {F}rance - {INRIA} - {CNRS} : {UMR} - {P}olytechnique - {X} - {C}entre commun {INRIA} - {M}icrosoft {R}esearch - {INRIA} - {M}icrosoft },
type={Research Report},
institution={INRIA},
number={{RR}-6455},
year={2008},
URL={http://hal.inria.fr/inria-00258384/en/},
}



@book{Gordon,
  author        = "M.Gordon and T. Melham",
  title         = "Introduction to HOL",
  publisher     = "Cambridge University Press",
  year          = 1993,
}




@inproceedings{WadlerBlott89,
	Author = {Philip Wadler and Stephen Blott},
	Booktitle = {{ACM} {S}ymposium on {P}rinciples of {P}rogramming {L}anguages ({POPL}), Austin, Texas},
	Pages = {60--76},
	Title = {How {T}o {M}ake {\em ad-hoc} {P}olymorphism {L}ess {\em ad hoc}},
	Year = {1989}}

@inproceedings{DBLP:conf/fpca/NipkowS91,
	Author = {Tobias Nipkow and Gregor Snelting},
	Booktitle = {FPCA},
	Pages = {1-14},
	Title = {{T}ype {C}lasses and {O}verloading {R}esolution via {O}rder-{S}orted {U}nification},
	Year = {1991}}

@article{sozeauJFR09,
	Author = {Matthieu Sozeau},
	Journal = {Journal of Formalized Reasoning},
	Month = {December},
	Number = {1},
	Pages = {41-62},
	Title = {{A New Look at Generalized Rewriting in Type Theory}},
	Volume = {2},
	Year = {2009}}

@inproceedings{SozeauTypeClasses,
 author = {M. Sozeau  and N. Oury},
 title = {First-Class Type Classes},
 booktitle = {TPHOLs '08: Proceedings of the 21st International Conference on Theorem Proving in Higher Order Logics},
 year = {2008},
 isbn = {978-3-540-71065-3},
 pages = {278--293},
 location = {Montreal, P.Q., Canada},
 doi = {http://dx.doi.org/10.1007/978-3-540-71067-7_23},
 publisher = {Springer-Verlag},
 address = {Berlin, Heidelberg},
 }




@misc{sozeau.Coq/classes/JFLA12,
	Author = {Matthieu Sozeau},
	Date-Added = {2012-02-08 01:41:37 +0100},
	Date-Modified = {2012-02-08 01:43:34 +0100},
	Howpublished = {Lecture notes for a course given at JFLA'12 in Carnac, France},
	Keywords = {type classes coq},
	Month = {February},
	Url = {http://www.pps.jussieu.fr/~sozeau/research/publications/Coq_with_Classes-JFLA-040212.pdf},
	Read = {Oui},
	Title = {{Coq with Classes}},
	Type = {slides},
	Year = {2012}}


@article{DBLP:journals/corr/abs-1105-4537,
	Author = {Thomas Braibant and Damien Pous},
	Bibsource = {DBLP, http://dblp.uni-trier.de},
	Date-Added = {2012-05-21 12:00:22 +0200},
	Date-Modified = {2012-05-21 12:00:22 +0200},
	Ee = {http://dx.doi.org/10.2168/LMCS-8(1:16)2012},
	Journal = {Logical Methods in Computer Science},
	Number = {1},
	Title = {Deciding Kleene Algebras in Coq},
	Volume = {8},
	Year = {2012}}

@inproceedings{DBLP:conf/icfp/GonthierZND11,
	Author = {Georges Gonthier and Beta Ziliani and Aleksandar Nanevski and Derek Dreyer},
	Bibsource = {DBLP, http://dblp.uni-trier.de},
	Booktitle = {ICFP},
	Crossref = {DBLP:conf/icfp/2011},
	Date-Added = {2012-05-21 11:30:22 +0200},
	Date-Modified = {2012-05-21 11:30:22 +0200},
	Ee = {http://doi.acm.org/10.1145/2034773.2034798},
	Pages = {163-175},
	Title = {{How To Make Ad Hoc Proof Automation Less Ad Hoc}},
	Year = {2011}}

@proceedings{dblp:conf/icfp/2011,
	bibsource = {dblp, http://dblp.uni-trier.de},
	booktitle = {icfp},
	date-added = {2012-05-21 11:30:22 +0200},
	date-modified = {2012-05-21 11:30:22 +0200},
	editor = {Manuel M. T. Chakravarty and Zhenjiang Hu and Olivier Danvy},
	isbn = {978-1-4503-0865-6},
	publisher = {ACM},
	title = {proceeding of the 16th acm sigplan international conference on functional programming, icfp 2011, tokyo, japan, september 19-21, 2011},
	year = {2011}}
